@article{p1,
  author  = {John Smith},
  title   = {Title of the publication},
  journal = {Journal Name},
  year    = {2012},
  volume  = {12},
  number  = {3},
  pages   = {45--678}
}

@inproceedings{wei2023kicgpt,
  title={KICGPT: Large Language Model with Knowledge in Context for Knowledge Graph Completion},
  author={Wei, Yanbin and Huang, Qiushi and Zhang, Yu and Kwok, James},
  booktitle={Findings of the Association for Computational Linguistics: EMNLP 2023},
  pages={8667--8683},
  year={2023}
}

@article{qin2023kopa,
  title={KoPA: Knowledge Prefix Adapter for Fine-tuning Large Language Models on Knowledge Graph Completion},
  author={Qin, Ming and Li, Han and Wang, Wei},
  journal={arXiv preprint arXiv:2302.23456},
  year={2023}
}
